@misc{Fabrizio44:online,
    author = {Università di Bologna},
    title = {Fabrizio Caselli — Home Page},
    howpublished = {\url{https://www.unibo.it/sitoweb/fabrizio.caselli}},
    month = {},
    year = {}
}

@misc{Wikipedi57:online,
	author = {},
	title = {Wikipedia, l'enciclopedia libera},
	howpublished = {\url{https://it.wikipedia.org/wiki/Pagina_principale}},
	month = {},
	year = {},
	note = {}
}
